<record><leader>00000cas a22000007a 4500</leader><controlfield tag="001">37603032</controlfield><controlfield tag="008">970911d19881989tnucr ne      0    0eng d</controlfield><datafield ind1=" " ind2=" " tag="010"><subfield code="a">sn 97065419 </subfield></datafield><datafield ind1=" " ind2=" " tag="040"><subfield code="a">TGN</subfield><subfield code="b">eng</subfield><subfield code="c">TGN</subfield><subfield code="d">OCLCQ</subfield><subfield code="d">TGN</subfield><subfield code="d">OCLCQ</subfield><subfield code="d">OCLCF</subfield><subfield code="d">OCLCO</subfield></datafield><datafield ind1="1" ind2=" " tag="029"><subfield code="a">AU@</subfield><subfield code="b">000013497193</subfield></datafield><datafield ind1=" " ind2=" " tag="042"><subfield code="a">msc</subfield></datafield><datafield ind1=" " ind2=" " tag="043"><subfield code="a">n-us-tn</subfield></datafield><datafield ind1="0" ind2="0" tag="245"><subfield code="a">Democrat, the Tellico Laker.</subfield></datafield><datafield ind1="3" ind2=" " tag="246"><subfield code="a">Democrat, Tellico Laker</subfield></datafield><datafield ind1="3" ind2=" " tag="246"><subfield code="a">Tellico Laker, Democrat</subfield></datafield><datafield ind1=" " ind2=" " tag="260"><subfield code="a">Madisonville, Tenn. :</subfield><subfield code="b">Monroe Pub. Co.,</subfield><subfield code="c">1988-1989.</subfield></datafield><datafield ind1=" " ind2=" " tag="300"><subfield code="a">v.</subfield></datafield><datafield ind1=" " ind2=" " tag="310"><subfield code="a">Semiweekly</subfield></datafield><datafield ind1="0" ind2=" " tag="362"><subfield code="a">Vol. 106, no. 37 (June 3, 1988)-v. 107, no. 5 (Jan. 17, 1989).</subfield></datafield><datafield ind1=" " ind2=" " tag="500"><subfield code="a">Editor: Dan Hicks, Jr., 1988-1989.</subfield></datafield><datafield ind1=" " ind2=" " tag="580"><subfield code="a">Formed by the union of: Democrat (Madisonville, Tenn.), and: Tellico Laker.</subfield></datafield><datafield ind1=" " ind2="0" tag="651"><subfield code="a">Madisonville (Tenn.)</subfield><subfield code="v">Newspapers.</subfield></datafield><datafield ind1=" " ind2="0" tag="651"><subfield code="a">Monroe County (Tenn.)</subfield><subfield code="v">Newspapers.</subfield></datafield><datafield ind1=" " ind2="7" tag="655"><subfield code="a">Newspapers.</subfield><subfield code="2">fast</subfield><subfield code="0">(OCoLC)fst01423814</subfield></datafield><datafield ind1=" " ind2="7" tag="651"><subfield code="a">Tennessee</subfield><subfield code="z">Madisonville.</subfield><subfield code="2">fast</subfield><subfield code="0">(OCoLC)fst01231988</subfield></datafield><datafield ind1=" " ind2="7" tag="651"><subfield code="a">Tennessee</subfield><subfield code="z">Monroe County.</subfield><subfield code="2">fast</subfield><subfield code="0">(OCoLC)fst01208171</subfield></datafield><datafield ind1=" " ind2=" " tag="752"><subfield code="a">United States</subfield><subfield code="b">Tennessee</subfield><subfield code="c">Monroe</subfield><subfield code="d">Madisonville.</subfield></datafield><datafield ind1="1" ind2="4" tag="780"><subfield code="t">Democrat (Madisonville, Tenn.)</subfield><subfield code="w">(DLC)sn 97065418</subfield></datafield><datafield ind1="1" ind2="4" tag="780"><subfield code="t">Tellico Laker</subfield><subfield code="w">(DLC)sn 97065421</subfield></datafield><datafield ind1="0" ind2="0" tag="785"><subfield code="t">Independent democrat/Tellico Laker</subfield><subfield code="w">(DLC)sn 90003886</subfield></datafield></record>